


@misc{cureffi,
  title = {How {PCR} duplicates arise in next-generation sequencing},
  howpublished = {\url{https://www.cureffi.org/2012/12/11/how-pcr-duplicates-arise-in-next-generation-sequencing/}},
  note = {Accessed: 2020-11-05}
}


@misc{fastqc,
  title = {{FastQC},a  quality control tool for high throughput sequence data},
  howpublished = {\url{https://www.bioinformatics.babraham.ac.uk/projects/fastqc/}},
  note = {Accessed: 2020-11-05}
}

@article{jennings2017guidelines,
  title={Guidelines for validation of next-generation sequencing--based oncology panels: a joint consensus recommendation of the Association for Molecular Pathology and College of American Pathologists},
  author={Jennings, Lawrence J and Arcila, Maria E and Corless, Christopher and Kamel-Reid, Suzanne and Lubin, Ira M and Pfeifer, John and Temple-Smolkin, Robyn L and Voelkerding, Karl V and Nikiforova, Marina N},
  journal={The Journal of molecular diagnostics},
  volume={19},
  number={3},
  pages={341--365},
  year={2017},
  publisher={Elsevier}
}

@article{li2009sequence,
  title={The sequence alignment/map format and SAMtools},
  author={Li, Heng and Handsaker, Bob and Wysoker, Alec and Fennell, Tim and Ruan, Jue and Homer,
        Nils and Marth, Gabor and Abecasis, Goncalo and Durbin, Richard},
  journal={Bioinformatics},
  volume={25},
  number={16},
  pages={2078--2079},
  year={2009},
  publisher={Oxford University Press}
}


@article{li2010fast,
  title={Fast and accurate long-read alignment with Burrows--Wheeler transform},
  author={Li, Heng and Durbin, Richard},
  journal={Bioinformatics},
  volume={26},
  number={5},
  pages={589--595},
  year={2010},
  publisher={Narnia}
}

@article{li2011statistical,
  title={A statistical framework for {SNP} calling, mutation discovery, association mapping and population genetical parameter estimation from sequencing data},
  author={Li, Heng},
  journal={Bioinformatics},
  volume={27},
  number={21},
  pages={2987--2993},
  year={2011},
  publisher={Oxford University Press}
}


@article{martin2011cutadapt,
  title={Cutadapt removes adapter sequences from high-throughput sequencing reads},
  author={Martin, Marcel},
  journal={EMBnet. journal},
  volume={17},
  number={1},
  pages={10--12},
  year={2011}
}

@article{robinson2011integrative,
  title={Integrative genomics viewer},
  author={Robinson, James T and Thorvaldsd{\'o}ttir, Helga and Winckler, Wendy and Guttman, Mitchell and Lander, Eric S and Getz, Gad and Mesirov, Jill P},
  journal={Nature biotechnology},
  volume={29},
  number={1},
  pages={24--26},
  year={2011},
  publisher={Nature Publishing Group}
}
